<?xml version="1.0" encoding="UTF-8"?><collection xmlns="http://www.loc.gov/MARC21/slim"><record><leader>00415nam--2200133-i-4500</leader><controlfield tag="001">000010996</controlfield><controlfield tag="002">20161230</controlfield><controlfield tag="005">20161230201029</controlfield><controlfield tag="008">060222s1000------------r-----000-0-eng-d</controlfield><datafield ind1=" " ind2=" " tag="080"><subfield code="a">616-073.75(043)</subfield></datafield><datafield ind1=" " ind2=" " tag="100"><subfield code="a">Chastanier, Pierre</subfield></datafield><datafield ind1=" " ind2=" " tag="245"><subfield code="a">Camera a scintillations et traitement de l ima ge scintigraphique interet en medecine nucleai re.these</subfield></datafield><datafield ind1=" " ind2=" " tag="260"><subfield code="a">Lyon, Universite Claude Bernard,1972.155p</subfield></datafield><datafield ind1=" " ind2=" " tag="852"><subfield code="a">40732</subfield></datafield></record></collection>